@book{atkins2014atkins,
  title={Physical Chemistry},
  author={Atkins, Peter William and de Paula, Julio},
  year={2014},
  publisher={Oxford University Press}
}