@book{atkins2014atkins,
  title={Atkins' physical chemistry},
  author={Atkins, Peter and Atkins, Peter William and de Paula, Julio},
  year={2014},
  publisher={Oxford university press}
}


