@book{purcell2013electricity,
  title={Electricity and Magnetism},
  author={Purcell, E.M. and Morin, D.J.},
  isbn={9781316466674},
  year={2013},
  publisher={Cambridge University Press}
}