@book{atkins2014atkins,
  title={Atkins' physical chemistry},
  author={Atkins, Peter and Atkins, Peter William and de Paula, Julio},
  year={2014},
  publisher={Oxford university press}
}

@article{guillemard2021late,
  title={Late-stage {C--H} functionalization offers new opportunities in drug discovery},
  author={Guillemard, Lucas and Kaplaneris, Nikolaos and Ackermann, Lutz and Johansson, Magnus J},
  journal={Nature Reviews Chemistry},
  volume={5},
  number={8},
  pages={522--545},
  year={2021},
  publisher={Nature Publishing Group UK London}
}
