@article{nicolaou1982endiandricA,
  title={{The endiandric acid cascade. Electrocyclizations in organic synthesis. I. Stepwise, stereocontrolled total synthesis of endiandric acids A and B}},
  author={Nicolaou, KC and Petasis, NA and Zipkin, RE and Uenishi, J},
  journal={Journal of the American Chemical Society},
  volume={104},
  number={20},
  pages={5555--5557},
  year={1982},
  publisher={ACS Publications}
}

@article{nicolaou1982endiandricB,
  title={The endiandric acid cascade. Electrocyclizations in organic synthesis. 3." Biomimetic" approach to endiandric acids {A-G.} Synthesis of precursors},
  author={Nicolaou, KC and Zipkin, RE and Petasis, NA},
  journal={Journal of the American Chemical Society},
  volume={104},
  number={20},
  pages={5558--5560},
  year={1982},
  publisher={ACS Publications}
}